<?xml version="1.0" encoding="UTF-8"?>
<collection><record><leader>01347nam a22003973i 4500</leader><controlfield tag="001">99125525173506421</controlfield><controlfield tag="005">20240220193732.0</controlfield><controlfield tag="006">m|||||o||d||||||||</controlfield><controlfield tag="007">cr#|n||||||||a</controlfield><controlfield tag="008">210413s1920    xx |||||o|||||||| ||eng d</controlfield><datafield tag="035" ind1=" " ind2=" "><subfield code="a">(VaAlASP)5104967</subfield></datafield><datafield tag="035" ind1=" " ind2=" "><subfield code="a">(CKB)4940000000609498</subfield></datafield><datafield tag="035" ind1=" " ind2=" "><subfield code="a">(VaAlASP)crisis_GDJ_TheAttar.pdf</subfield></datafield><datafield tag="035" ind1=" " ind2=" "><subfield code="a">(VaAlASP)ASP5104967/was2</subfield></datafield><datafield tag="035" ind1=" " ind2=" "><subfield code="a">(EXLCZ)994940000000609498</subfield></datafield><datafield tag="040" ind1=" " ind2=" "><subfield code="a">VaAlASP</subfield><subfield code="b">eng</subfield><subfield code="e">rda</subfield><subfield code="c">VaAlASP</subfield></datafield><datafield tag="100" ind1="1" ind2="4"><subfield code="a">(1880), Georgia Douglas Camp Johnson,</subfield><subfield code="e">author</subfield></datafield><datafield tag="245" ind1="0" ind2="0"><subfield code="a">Attar /</subfield><subfield code="c">by Georgia Douglas Camp Johnson (1880)</subfield></datafield><datafield tag="264" ind1=" " ind2="1"><subfield code="a">[Place of publication not identified] :</subfield><subfield code="b">Crisis (Magazine),</subfield><subfield code="c">1920.</subfield></datafield><datafield tag="300" ind1=" " ind2=" "><subfield code="a">1 online resource (2 pages)</subfield></datafield><datafield tag="336" ind1=" " ind2=" "><subfield code="a">text</subfield><subfield code="b">txt</subfield><subfield code="2">rdacontent</subfield></datafield><datafield tag="337" ind1=" " ind2=" "><subfield code="a">computer</subfield><subfield code="b">c</subfield><subfield code="2">rdamedia</subfield></datafield><datafield tag="337" ind1=" " ind2=" "><subfield code="a">unmediated</subfield><subfield code="b">n</subfield><subfield code="2">rdamedia</subfield></datafield><datafield tag="338" ind1=" " ind2=" "><subfield code="a">online resource</subfield><subfield code="b">cr</subfield><subfield code="2">rdacarrier</subfield></datafield><datafield tag="546" ind1=" " ind2=" "><subfield code="a">In English.</subfield></datafield><datafield tag="546" ind1=" " ind2=" "><subfield code="a">Original language in English.</subfield></datafield><datafield tag="500" ind1=" " ind2=" "><subfield code="a">Title from resource description page (viewed April 13, 2021).</subfield></datafield><datafield tag="650" ind1=" " ind2="4"><subfield code="a">Women and Politics</subfield></datafield><datafield tag="650" ind1=" " ind2="4"><subfield code="a">Women and Rights</subfield></datafield><datafield tag="650" ind1=" " ind2="4"><subfield code="a">Poetry</subfield></datafield><datafield tag="655" ind1=" " ind2="7"><subfield code="a">Poem</subfield></datafield><datafield tag="773" ind1="0" ind2=" "><subfield code="t">The Crisis, Vol. 19, no. 5, March 1920</subfield></datafield><datafield tag="700" ind1="1" ind2=" "><subfield code="a">Plant, Rebecca Jo,</subfield><subfield code="d">1968-</subfield><subfield code="e">editor.</subfield></datafield><datafield tag="700" ind1="1" ind2=" "><subfield code="a">Wu, Judy Tzu-Chun,</subfield><subfield code="e">editor.</subfield></datafield><datafield tag="700" ind1="1" ind2=" "><subfield code="a">Sklar, Kathryn Kish,</subfield><subfield code="e">editor.</subfield></datafield><datafield tag="700" ind1="1" ind2=" "><subfield code="a">Dublin, Thomas,</subfield><subfield code="d">1946-</subfield><subfield code="e">editor.</subfield></datafield><datafield tag="906" ind1=" " ind2=" "><subfield code="a">BOOK</subfield></datafield></record></collection>